@techreport{Polytech2018,
author= {Peter the Great St. Petersburg Polytechnic University},
title = {Procedure for Conducting State Final Certification},
url = {http://spbstu.ru},
year ={2019}
}

@book{Sutton,
address = {Cambridge, Massachusetts},
author = {Sutton, Richard S and Barto, Andrew G},
edition = {Draft},
mendeley-groups = {Project Thesis},
publisher = {The MIT Press},
title = {{Reinforcement Learning : An Introduction}}
}


